
@Misc{arduino:serial,
key = {*},
OPTauthor = {•},
 title = {Arduino Serial},
 howpublished = {http://todbot.com/blog/2006/12/06/arduino-serial-c-code-to-talk-to-arduino},
OPTmonth = {•},
OPTyear = {•},
OPTnote = {•},
OPTannote = {•}
}

@Book{compgrafica:vol2,
author = {Azevedo E., Conci A., Leta F. R.},
ALTeditor = {•},
title = {Computa\c c\~ao Gr\'afica: teoria e pr\'atica},
publisher = {Campus},
year = {2009},
key = {*},
volume = {2},
OPTnumber = {•},
OPTseries = {•},
OPTaddress = {•},
OPTedition = {•},
OPTmonth = {•},
OPTnote = {•},
OPTannote = {•}
}
